
@book{
EngComp2012,
	Author = { Kieth D. Cooper and Linda Torczan },
	Title = {Engineering a Compiler},
	Publisher = {Morgan Kaufmann},
	Edition = {2nd},
	Year = {2012}
},

@book{
CompDes2005,
	Author = { Santanu Chattapoadhyay },
	Title = {Compiler Design},
	Publisher = {Prentice-Hall of India},
	Edition = {1st},
	Year = {2005}
},


@book{
IntroComp1990,
	Author = { J. P. Bennet },
	Title = {Introduction to Copmpiling Techniques},
	Publisher = {McGraw Hill},
	Edition = {1st},
	Year = {1990}
},


@book{
Comp2007,
	Author = { A. V. Aho and M. S. Lam and R. Sethi and J. D. Ullman},
	Title = {Compilers; Principles, Techniques \& Tools},
	Publisher = {Pearson},
	Edition = {2nd},
	Year = {2007}
},


@book{
CompGen1997,
	Author = {P. D. Terry },
	Title = {Compilers and Compiler Generators; An Introduction With C++},
	Publisher = {Thompson Computer Press},
	Edition = {1st},
	Year = {1997}
}

@misc{
GoalDoc,
	Author = {Luke Jackson}
	Title = {Goal Programming Language Documentation}
	Url = {https://docs.google.com/document/d/1vN7DfwSYQuFzlzTjHvsJC23BXAo5iDOKsPo_OlAHlPQ}


}

